@article{Tomek76,
  added-at = {2007-08-22T12:37:55.000+0200},
  author = {Tomek, I.},
  biburl = {https://www.bibsonomy.org/bibtex/2523c1d70243d3fe9035269af8f6f5ecd/bsmyth},
  description = {AI 2001 Elizabeth McKenna Barry Smyth},
  interhash = {379fe276cf4a77f8fba21a949b2d72d6},
  intrahash = {523c1d70243d3fe9035269af8f6f5ecd},
  journal = {{IEEE Transactions on Systems, Man, and Cybernetics}},
  keywords = {imported},
  pages = {679-772},
  timestamp = {2007-08-22T12:37:55.000+0200},
  title = {{Two Modifications of CNN}},
  volume = {7(2)},
  year = 1976
}

@inproceedings{DBLP:conf/ijcnn/BarellaGSLC18,
  author    = {Victor H. Barella and
               Lu{\'{\i}}s Paulo F. Garcia and
               Marcilio C. P. de Souto and
               Ana Carolina Lorena and
               Andr{\'{e}} C. P. L. F. de Carvalho},
  title     = {Data Complexity Measures for Imbalanced Classification Tasks},
  booktitle = {{IJCNN}},
  pages     = {1--8},
  publisher = {{IEEE}},
  year      = {2018}
}

@inproceedings{DBLP:conf/icml/BergstraYC13,
  author    = {James Bergstra and
               Daniel Yamins and
               David D. Cox},
  title     = {Making a Science of Model Search: Hyperparameter Optimization in Hundreds
               of Dimensions for Vision Architectures},
  booktitle = {{ICML} {(1)}},
  series    = {{JMLR} Workshop and Conference Proceedings},
  volume    = {28},
  pages     = {115--123},
  publisher = {JMLR.org},
  year      = {2013}
}

@inproceedings{DBLP:conf/ijcnn/HeBGL08,
	author    = {Haibo He and
	Yang Bai and
	Edwardo A. Garcia and
	Shutao Li},
	title     = {{ADASYN:} Adaptive synthetic sampling approach for imbalanced learning},
	booktitle = {Proceedings of the International Joint Conference on Neural Networks,
	{IJCNN} 2008, part of the {IEEE} World Congress on Computational Intelligence,
	{WCCI} 2008, Hong Kong, China, June 1-6, 2008},
	pages     = {1322--1328},
	year      = {2008},
	crossref  = {DBLP:conf/ijcnn/2008},
	url       = {https://doi.org/10.1109/IJCNN.2008.4633969},
	doi       = {10.1109/IJCNN.2008.4633969}
}

@inproceedings{de2015robust,
  title={Robust multi-class graph transduction with higher order regularization},
  author={de Sousa, A R and Batista, Gustavo E A P A},
  booktitle={IJCNN},
  pages={1--8},
  year={2015}
}

@proceedings{DBLP:conf/ijcnn/2008,
	title     = {Proceedings of the International Joint Conference on Neural Networks,
	{IJCNN} 2008, part of the {IEEE} World Congress on Computational Intelligence,
	{WCCI} 2008, Hong Kong, China, June 1-6, 2008},
	publisher = {{IEEE}},
	year      = {2008},
	url       = {http://ieeexplore.ieee.org/xpl/mostRecentIssue.jsp?punumber=4625775},
	isbn      = {978-1-4244-1820-6},
	timestamp = {Wed, 17 Jun 2015 13:44:42 +0200},
	biburl    = {https://dblp.org/rec/bib/conf/ijcnn/2008},
	bibsource = {dblp computer science bibliography, https://dblp.org}
}

@article{DBLP:journals/ida/JapkowiczS02,
  author    = {Nathalie Japkowicz and
               Shaju Stephen},
  title     = {The class imbalance problem: {A} systematic study},
  journal   = {Intell. Data Anal.},
  volume    = {6},
  number    = {5},
  pages     = {429--449},
  year      = {2002},
  url       = {http://content.iospress.com/articles/intelligent-data-analysis/ida00103},
  timestamp = {Mon, 18 May 2015 17:23:33 +0200},
  biburl    = {https://dblp.org/rec/bib/journals/ida/JapkowiczS02},
  bibsource = {dblp computer science bibliography, https://dblp.org}
} 

@article{DBLP:journals/ijon/TrigueroSLGH14,
  author    = {Isaac Triguero and
               Jos{\'{e}} A. S{\'{a}}ez and
               Juli{\'{a}}n Luengo and
               Salvador Garc{\'{\i}}a and
               Francisco Herrera},
  title     = {On the characterization of noise filters for self-training semi-supervised
               in nearest neighbor classification},
  journal   = {Neurocomputing},
  volume    = {132},
  pages     = {30--41},
  year      = {2014}
}

@article{forgy1965cluster,
	title={Cluster analysis of multivariate data: efficiency versus interpretability of classifications},
	author={Forgy, Edward W},
	journal={biometrics},
	volume={21},
	pages={768--769},
	year={1965}
}

@article{lloyd1982,
	title={Least squares quantization in PCM},
	author={Lloyd, Stuart},
	journal={IEEE transactions on information theory},
	volume={28},
	number={2},
	pages={129--137},
	year={1982},
	publisher={IEEE}
}


@article{DBLP:journals/sigkdd/Weiss04,
	author    = {Gary M. Weiss},
	title     = {Mining with rarity: a unifying framework},
	journal   = {{SIGKDD} Explorations},
	volume    = {6},
	number    = {1},
	pages     = {7--19},
	year      = {2004},
	url       = {http://doi.acm.org/10.1145/1007730.1007734},
	doi       = {10.1145/1007730.1007734},
	timestamp = {Thu, 09 Feb 2006 13:36:45 +0100},
	biburl    = {http://dblp.org/rec/bib/journals/sigkdd/Weiss04},
	bibsource = {dblp computer science bibliography, http://dblp.org}
}

@article{DBLP:journals/jair/ChawlaBHK02,
	author    = {Nitesh V. Chawla and
	Kevin W. Bowyer and
	Lawrence O. Hall and
	W. Philip Kegelmeyer},
	title     = {{SMOTE:} Synthetic Minority Over-sampling Technique},
	journal   = {J. Artif. Intell. Res.},
	volume    = {16},
	pages     = {321--357},
	year      = {2002},
	doi       = {10.1613/jair.953}
}

@article{DBLP:journals/jmlr/Demsar06,
  author    = {Janez Dem\v{s}ar},
  title     = {Statistical Comparisons of Classifiers over Multiple Data Sets},
  journal   = {Journal of Machine Learning Research},
  volume    = {7},
  pages     = {1--30},
  year      = {2006}
}


@article{DBLP:journals/tsmc/GalarFTSH12,
	author    = {Mikel Galar and
	Alberto Fern{\'{a}}ndez and
	Edurne Barrenechea Tartas and
	Humberto Bustince Sola and
	Francisco Herrera},
	title     = {A Review on Ensembles for the Class Imbalance Problem: Bagging-, Boosting-,
	and Hybrid-Based Approaches},
	journal   = {{IEEE} Trans. Systems, Man, and Cybernetics, Part {C}},
	volume    = {42},
	number    = {4},
	pages     = {463--484},
	year      = {2012},
	url       = {https://doi.org/10.1109/TSMCC.2011.2161285},
	doi       = {10.1109/TSMCC.2011.2161285},
	timestamp = {Fri, 01 Sep 2017 12:05:44 +0200},
	biburl    = {https://dblp.org/rec/bib/journals/tsmc/GalarFTSH12},
	bibsource = {dblp computer science bibliography, https://dblp.org}
}

@techreport{zhu2002learning,
	title={Learning from labeled and unlabeled data with label propagation},
	author={Zhu, Xiaojin and Ghahramani, Zoubin},
	year={2002},
	institution={School of Computer Science, Carnegie Mellon University},
    number={CMU-CALD-02-107},
}

@techreport{zhu2005semi,
  title={Semi-supervised learning literature survey},
  author={Zhu, Xiaojin Jerry},
  year={2005},
  institution={University of Wisconsin-Madison Department of Computer Sciences}
}

@inproceedings{DBLP:conf/ecml/Cussens93,
	author    = {James Cussens},
	title     = {Bayes and Pseudo-Bayes Estimates of Conditional Probabilities and
	Their Reliability},
	booktitle = {Machine Learning: ECML-93, European Conference on Machine Learning,
	Vienna, Austria, April 5-7, 1993, Proceedings},
	pages     = {136--152},
	year      = {1993},
	crossref  = {DBLP:conf/ecml/1993},
	url       = {https://doi.org/10.1007/3-540-56602-3\_133},
	doi       = {10.1007/3-540-56602-3\_133},
	timestamp = {Sat, 20 May 2017 15:32:51 +0200},
	biburl    = {https://dblp.org/rec/bib/conf/ecml/Cussens93},
	bibsource = {dblp computer science bibliography, https://dblp.org}
}

@inproceedings{DBLP:conf/icml/Joachims99,
  author    = {Thorsten Joachims},
  title     = {Transductive Inference for Text Classification using Support Vector
               Machines},
  booktitle = {{ICML}},
  pages     = {200--209},
  year      = {1999}
}



@inproceedings{DBLP:conf/ksem/QinWZZ13,
	author    = {Zhenxing Qin and
	Alan Tao Wang and
	Chengqi Zhang and
	Shichao Zhang},
	title     = {Cost-Sensitive Classification with k-Nearest Neighbors},
	booktitle = {Knowledge Science, Engineering and Management - 6th International
	Conference, {KSEM} 2013, Dalian, China, August 10-12, 2013. Proceedings},
	pages     = {112--131},
	year      = {2013},
	crossref  = {DBLP:conf/ksem/2013},
	url       = {https://doi.org/10.1007/978-3-642-39787-5\_10},
	doi       = {10.1007/978-3-642-39787-5\_10},
	timestamp = {Sun, 04 Jun 2017 10:02:49 +0200},
	biburl    = {https://dblp.org/rec/bib/conf/ksem/QinWZZ13},
	bibsource = {dblp computer science bibliography, https://dblp.org}
}

@proceedings{DBLP:conf/ecml/1993,
	editor    = {Pavel Brazdil},
	title     = {Machine Learning: ECML-93, European Conference on Machine Learning,
	Vienna, Austria, April 5-7, 1993, Proceedings},
	series    = {Lecture Notes in Computer Science},
	volume    = {667},
	publisher = {Springer},
	year      = {1993},
	url       = {https://doi.org/10.1007/3-540-56602-3},
	doi       = {10.1007/3-540-56602-3},
	isbn      = {3-540-56602-3},
	timestamp = {Sat, 20 May 2017 15:32:51 +0200},
	biburl    = {https://dblp.org/rec/bib/conf/ecml/1993},
	bibsource = {dblp computer science bibliography, https://dblp.org}
}

@proceedings{DBLP:conf/ksem/2013,
	editor    = {Mingzheng Wang},
	title     = {Knowledge Science, Engineering and Management - 6th International
	Conference, {KSEM} 2013, Dalian, China, August 10-12, 2013. Proceedings},
	series    = {Lecture Notes in Computer Science},
	volume    = {8041},
	publisher = {Springer},
	year      = {2013},
	url       = {https://doi.org/10.1007/978-3-642-39787-5},
	doi       = {10.1007/978-3-642-39787-5},
	isbn      = {978-3-642-39786-8},
	timestamp = {Thu, 25 May 2017 00:37:53 +0200},
	biburl    = {https://dblp.org/rec/bib/conf/ksem/2013},
	bibsource = {dblp computer science bibliography, https://dblp.org}
}


@book{DBLP:books/cu/ZM2014,
	author    = {Mohammed J. Zaki and
	Meira, Jr., Wagner},
	title     = {Data Mining and Analysis: Fundamental Concepts and Algorithms},
	publisher = {Cambridge University Press},
	year      = {2014},
	isbn      = {9780521766333}
}

@book{DBLP:books/daglib/0023376,
	author    = {Thomas H. Cormen and
	Charles E. Leiserson and
	Ronald L. Rivest and
	Clifford Stein},
	title     = {Introduction to Algorithms, 3rd Edition},
	publisher = {{MIT} Press},
	year      = {2009},
	url       = {http://mitpress.mit.edu/books/introduction-algorithms},
	isbn      = {978-0-262-03384-8},
	timestamp = {Fri, 12 May 2017 13:30:20 +0200},
	biburl    = {https://dblp.org/rec/bib/books/daglib/0023376},
	bibsource = {dblp computer science bibliography, https://dblp.org}
}

@book{DBLP:series/synthesis/2009Zhu,
	author    = {Xiaojin Zhu and
	Andrew B. Goldberg},
	title     = {Introduction to Semi-Supervised Learning},
	publisher = {Morgan {\&} Claypool Publishers},
	year      = {2009}}
%	series    = {Synthesis Lectures on Artificial Intelligence and Machine Learning},
%	url       = {https://doi.org/10.2200/S00196ED1V01Y200906AIM006},
%	doi       = {10.2200/S00196ED1V01Y200906AIM006},
%	timestamp = {Tue, 16 May 2017 14:24:20 +0200},
%	biburl    = {https://dblp.org/rec/bib/series/synthesis/2009Zhu},
%	bibsource = {dblp computer science bibliography, https://dblp.org}



@book{DBLP:books/mk/Quinlan93,
	author    = {J. Ross Quinlan},
	title     = {{C4.5:} Programs for Machine Learning},
	publisher = {Morgan Kaufmann},
	year      = {1993},
	isbn      = {1-55860-238-0},
	timestamp = {Thu, 03 Jan 2002 11:51:34 +0100},
	biburl    = {https://dblp.org/rec/bib/books/mk/Quinlan93},
	bibsource = {dblp computer science bibliography, https://dblp.org}
}


@incollection{DBLP:reference/dmkdh/Chawla10,
	author    = {Nitesh V. Chawla},
	title     = {Data Mining for Imbalanced Datasets: An Overview},
	booktitle = {Data Mining and Knowledge Discovery Handbook, 2nd ed.},
	pages     = {875--886},
	year      = {2010},
	crossref  = {DBLP:reference/dmkdh/2010},
	url       = {https://doi.org/10.1007/978-0-387-09823-4_45},
	doi       = {10.1007/978-0-387-09823-4_45},
	timestamp = {Tue, 16 May 2017 14:02:24 +0200},
	biburl    = {http://dblp.org/rec/bib/reference/dmkdh/Chawla10},
	bibsource = {dblp computer science bibliography, http://dblp.org}
}



@incollection{NIPS2014_5352,
title = {Semi-supervised Learning with Deep Generative Models},
author = {Kingma, Diederik P and Mohamed, Shakir and Jimenez Rezende, Danilo and Welling, Max},
booktitle = {Advances in Neural Information Processing Systems 27},
editor = {Z. Ghahramani and M. Welling and C. Cortes and N. D. Lawrence and K. Q. Weinberger},
pages = {3581--3589},
year = {2014},
publisher = {Curran Associates, Inc.},
url = {http://papers.nips.cc/paper/5352-semi-supervised-learning-with-deep-generative-models.pdf}
}

@inproceedings{DBLP:conf/pakdd/LiZ11,
	author    = {Yuxuan Li and
	Xiuzhen Zhang},
	title     = {Improving \emph{k} Nearest Neighbor with Exemplar Generalization for
	Imbalanced Classification},
	booktitle = {Advances in Knowledge Discovery and Data Mining - 15th Pacific-Asia
	Conference, {PAKDD} 2011, Shenzhen, China, May 24-27, 2011, Proceedings,
	Part {II}},
	pages     = {321--332},
	year      = {2011},
	crossref  = {DBLP:conf/pakdd/2011-2},
	url       = {https://doi.org/10.1007/978-3-642-20847-8_27},
	doi       = {10.1007/978-3-642-20847-8_27},
	timestamp = {Thu, 25 May 2017 00:42:26 +0200},
	biburl    = {http://dblp.org/rec/bib/conf/pakdd/LiZ11},
	bibsource = {dblp computer science bibliography, http://dblp.org}
}



@inproceedings{DBLP:conf/kdd/Domingos99,
	author    = {Pedro M. Domingos},
	title     = {MetaCost: {A} General Method for Making Classifiers Cost-Sensitive},
	booktitle = {Proceedings of the Fifth {ACM} {SIGKDD} International Conference on
	Knowledge Discovery and Data Mining, San Diego, CA, USA, August 15-18,
	1999},
	pages     = {155--164},
	year      = {1999},
	crossref  = {DBLP:conf/kdd/1999},
	url       = {http://doi.acm.org/10.1145/312129.312220},
	doi       = {10.1145/312129.312220},
	timestamp = {Thu, 07 May 2015 20:04:43 +0200},
	biburl    = {http://dblp.org/rec/bib/conf/kdd/Domingos99},
	bibsource = {dblp computer science bibliography, http://dblp.org}
}

@article{scikit-learn,
	title={Scikit-learn: Machine Learning in {P}ython},
	author={Pedregosa, F. and Varoquaux, G. and Gramfort, A. and Michel, V.
	and Thirion, B. and Grisel, O. and Blondel, M. and Prettenhofer, P.
	and Weiss, R. and Dubourg, V. and Vanderplas, J. and Passos, A. and
	Cournapeau, D. and Brucher, M. and Perrot, M. and Duchesnay, E.},
	journal={Journal of Machine Learning Research},
	volume={12},
	pages={2825--2830},
	year={2011}
}

@proceedings{DBLP:conf/kdd/1999,
  editor    = {Usama M. Fayyad and
               Surajit Chaudhuri and
               David Madigan},
  title     = {Proceedings of the Fifth {ACM} {SIGKDD} International Conference on
               Knowledge Discovery and Data Mining, San Diego, CA, USA, August 15-18,
               1999},
  publisher = {{ACM}},
  year      = {1999},
  url       = {http://dl.acm.org/citation.cfm?id=312129},
  isbn      = {1-58113-143-7},
  timestamp = {Wed, 12 Dec 2012 15:08:19 +0100},
  biburl    = {https://dblp.org/rec/bib/conf/kdd/1999},
  bibsource = {dblp computer science bibliography, https://dblp.org}
}

@inproceedings{DBLP:conf/pakdd/DubeyP13a,
  author    = {Harshit Dubey and
               Vikram Pudi},
  title     = {Class Based Weighted K-Nearest Neighbor over Imbalance Dataset},
  booktitle = {{PAKDD} {(2)}},
  series    = {Lecture Notes in Computer Science},
  volume    = {7819},
  pages     = {305--316},
  publisher = {Springer},
  year      = {2013}
}

@proceedings{DBLP:conf/pakdd/2013-2,
  editor    = {Jian Pei and
               Vincent S. Tseng and
               Longbing Cao and
               Hiroshi Motoda and
               Guandong Xu},
  title     = {Advances in Knowledge Discovery and Data Mining, 17th Pacific-Asia
               Conference, {PAKDD} 2013, Gold Coast, Australia, April 14-17, 2013,
               Proceedings, Part {II}},
  series    = {Lecture Notes in Computer Science},
  volume    = {7819},
  publisher = {Springer},
  year      = {2013},
  url       = {https://doi.org/10.1007/978-3-642-37456-2},
  doi       = {10.1007/978-3-642-37456-2},
  isbn      = {978-3-642-37455-5},
  timestamp = {Thu, 25 May 2017 00:42:26 +0200},
  biburl    = {https://dblp.org/rec/bib/conf/pakdd/2013-2},
  bibsource = {dblp computer science bibliography, https://dblp.org}
}


@inproceedings{DBLP:conf/ssdbm/GertrudesZSC18,
  author    = {Jadson Castro Gertrudes and
               Arthur Zimek and
               J{\"{o}}rg Sander and
               Ricardo J. G. B. Campello},
  title     = {A unified framework of density-based clustering for semi-supervised
               classification},
  booktitle = {{SSDBM}},
  pages     = {11:1--11:12},
  publisher = {{ACM}},
  year      = {2018}
}

@Article{Gertrudes2019,
author    = {Jadson Castro Gertrudes and
               Arthur Zimek and
               J{\"{o}}rg Sander and
               Ricardo J. G. B. Campello},
  title     = {A unified view of density-based methods for semi-supervised clustering and classification},
  journal   = {Data Min. Knowl. Discov.},
  volume    = {33},
  number    = {6},
  pages     = {1894--1952},
  year      = {2019}
}


@inproceedings{DBLP:conf/icdm/LelisS09,
  author    = {Levi Lelis and
               J{\"{o}}rg Sander},
  title     = {Semi-supervised Density-Based Clustering},
  booktitle = {{ICDM} 2009, The Ninth {IEEE} International Conference on Data Mining,
               Miami, Florida, USA},
  pages     = {842--847},
  year      = {2009},
  doi       = {10.1109/ICDM.2009.143}
}



@inproceedings{DBLP:conf/edbt/BohmP08,
  author    = {Christian B{\"{o}}hm and
               Claudia Plant},
  title     = {{HISSCLU:} a hierarchical density-based method for semi-supervised
               clustering},
  booktitle = {{EDBT} 2008, 11th International Conference on Extending Database Technology,
               Nantes, France},
  pages     = {440--451},
  year      = {2008},
  doi       = {10.1145/1353343.1353398}
}

@article{DBLP:journals/tkdd/CampelloMZS15,
  author    = {Ricardo J. G. B. Campello and
               Davoud Moulavi and
               Arthur Zimek and
               J{\"{o}}rg Sander},
  title     = {Hierarchical Density Estimates for Data Clustering, Visualization,
               and Outlier Detection},
  journal   = {{TKDD}},
  volume    = {10},
  number    = {1},
  pages     = {5:1--5:51},
  year      = {2015},
  doi       = {10.1145/2733381}
}

@inproceedings{japkowicz2000class,
	title={The class imbalance problem: Significance and strategies},
	author={Japkowicz, Nathalie},
	booktitle={Proc. of the Int. Conf. on Artificial Intelligence},
	year={2000}
}



@inproceedings{Jebara:2009:GCB:1553374.1553432,
	author = {Jebara, Tony and Wang, Jun and Chang, Shih-Fu},
	title = {Graph Construction and B-matching for Semi-supervised Learning},
	booktitle = {Proceedings of the 26th Annual International Conference on Machine Learning},
	year = {2009},
	isbn = {978-1-60558-516-1},
	location = {Montreal, Quebec, Canada},
	pages = {441--448},
	doi = {10.1145/1553374.1553432}
} 

@inproceedings{macqueen1967,
	title={Some methods for classification and analysis of multivariate observations},
	author={MacQueen, James and others},
	booktitle={Proceedings of the fifth Berkeley symposium on mathematical statistics and probability},
	series={1},
	number={14},
	pages={281--297},
	year={1967},
	organization={Oakland, CA, USA}
}


@inproceedings{wang2006classification,
	title={Classification of imbalanced data by using the SMOTE algorithm and locally linear embedding},
	author={Wang, Juanjuan and Xu, Mantao and Wang, Hui and Zhang, Jiwu},
	booktitle={Signal Processing, 2006 8th International Conference on},
	volume={3},
	year={2006},
	organization={IEEE}
}


@inproceedings{DBLP:conf/icic/HanWM05,
	author    = {Hui Han and
	Wenyuan Wang and
	Binghuan Mao},
	title     = {Borderline-SMOTE: {A} New Over-Sampling Method in Imbalanced Data
	Sets Learning},
	booktitle = {Advances in Intelligent Computing, International Conference on Intelligent
	Computing, {ICIC} 2005, Hefei, China, August 23-26, 2005, Proceedings,
	Part {I}},
	pages     = {878--887},
	year      = {2005},
	crossref  = {DBLP:conf/icic/2005-1},
	url       = {https://doi.org/10.1007/11538059_91},
	doi       = {10.1007/11538059_91},
	timestamp = {Tue, 30 May 2017 16:36:52 +0200},
	biburl    = {https://dblp.org/rec/bib/conf/icic/HanWM05},
	bibsource = {dblp computer science bibliography, https://dblp.org}
}

@proceedings{DBLP:conf/icic/2005-1,
  editor    = {De{-}Shuang Huang and
               Xiao{-}Ping Zhang and
               Guang{-}Bin Huang},
  title     = {Advances in Intelligent Computing, International Conference on Intelligent
               Computing, {ICIC} 2005, Hefei, China, August 23-26, 2005, Proceedings,
               Part {I}},
  series    = {Lecture Notes in Computer Science},
  volume    = {3644},
  publisher = {Springer},
  year      = {2005},
  url       = {https://doi.org/10.1007/11538059},
  doi       = {10.1007/11538059},
  isbn      = {3-540-28226-2},
  timestamp = {Tue, 30 May 2017 16:36:52 +0200},
  biburl    = {https://dblp.org/rec/bib/conf/icic/2005-1},
  bibsource = {dblp computer science bibliography, https://dblp.org}
}

@inproceedings{DBLP:conf/ijcai/Elkan01,
	author    = {Charles Elkan},
	title     = {The Foundations of Cost-Sensitive Learning},
	booktitle = {Proceedings of the Seventeenth International Joint Conference on Artificial
	Intelligence, {IJCAI} 2001, Seattle, Washington, USA, August 4-10,
	2001},
	pages     = {973--978},
	year      = {2001},
	crossref  = {DBLP:conf/ijcai/2001},
	timestamp = {Tue, 19 Jul 2016 16:01:40 +0200},
	biburl    = {https://dblp.org/rec/bib/conf/ijcai/Elkan01},
	bibsource = {dblp computer science bibliography, https://dblp.org}
}

@proceedings{DBLP:conf/ijcai/2001,
  editor    = {Bernhard Nebel},
  title     = {Proceedings of the Seventeenth International Joint Conference on Artificial
               Intelligence, {IJCAI} 2001, Seattle, Washington, USA, August 4-10,
               2001},
  publisher = {Morgan Kaufmann},
  year      = {2001},
  url       = {http://ijcai.org/proceedings/2001-1},
  isbn      = {1-55860-777-3},
  timestamp = {Tue, 19 Jul 2016 16:01:40 +0200},
  biburl    = {https://dblp.org/rec/bib/conf/ijcai/2001},
  bibsource = {dblp computer science bibliography, https://dblp.org}
}

@techreport{hagberg2008exploring,
	title={Exploring network structure, dynamics, and function using NetworkX},
	author={Hagberg, Aric and Swart, Pieter and S Chult, Daniel},
	year={2008},
	institution={Los Alamos National Lab.(LANL), Los Alamos, NM (United States)}
}

@unpublished{jogoe12ISA,
  title={Class Imbalance and Probabilistic Learning in K-Nearest Neighbour Classification},
  author={Goettcke, Jonatan M.}, 
  year={2018},
  note={ISA Report - University of Southern Denmark},
  month={7},
}

@inproceedings{DBLP:conf/icdm/SharmaBKZJ18,
	author    = {Shiven Sharma and
	Colin Bellinger and
	Bartosz Krawczyk and
	Osmar R. Za{\"{\i}}ane and
	Nathalie Japkowicz},
	title     = {Synthetic Oversampling with the Majority Class: {A} New Perspective
	on Handling Extreme Imbalance},
	booktitle = {{IEEE} International Conference on Data Mining, {ICDM} 2018, Singapore,
	November 17-20, 2018},
	pages     = {447--456},
	year      = {2018},
	crossref  = {DBLP:conf/icdm/2018},
	url       = {https://doi.org/10.1109/ICDM.2018.00060},
	doi       = {10.1109/ICDM.2018.00060},
	timestamp = {Mon, 07 Jan 2019 08:15:52 +0100},
	biburl    = {https://dblp.org/rec/bib/conf/icdm/SharmaBKZJ18},
	bibsource = {dblp computer science bibliography, https://dblp.org}
}

@proceedings{DBLP:conf/icdm/2018,
	title     = {{IEEE} International Conference on Data Mining, {ICDM} 2018, Singapore,
	November 17-20, 2018},
	publisher = {{IEEE} Computer Society},
	year      = {2018},
	url       = {http://ieeexplore.ieee.org/xpl/mostRecentIssue.jsp?punumber=8591042},
	isbn      = {978-1-5386-9159-5},
	timestamp = {Fri, 04 Jan 2019 13:22:33 +0100},
	biburl    = {https://dblp.org/rec/bib/conf/icdm/2018},
	bibsource = {dblp computer science bibliography, https://dblp.org}
}


@article{DBLP:journals/tsmc/LiuWZ09,
	author    = {Xu{-}Ying Liu and
	Jianxin Wu and
	Zhi{-}Hua Zhou},
	title     = {Exploratory Undersampling for Class-Imbalance Learning},
	journal   = {{IEEE} Trans. Systems, Man, and Cybernetics, Part {B}},
	volume    = {39},
	number    = {2},
	pages     = {539--550},
	year      = {2009},
	url       = {https://doi.org/10.1109/TSMCB.2008.2007853},
	doi       = {10.1109/TSMCB.2008.2007853},
	timestamp = {Wed, 14 Nov 2018 10:28:26 +0100},
	biburl    = {https://dblp.org/rec/bib/journals/tsmc/LiuWZ09},
	bibsource = {dblp computer science bibliography, https://dblp.org}
}


@article{DBLP:journals/kais/PratiBS15,
	author    = {Ronaldo C. Prati and
	Gustavo E. A. P. A. Batista and
	Diego Furtado Silva},
	title     = {Class imbalance revisited: a new experimental setup to assess the
	performance of treatment methods},
	journal   = {Knowl. Inf. Syst.},
	volume    = {45},
	number    = {1},
	pages     = {247--270},
	year      = {2015},
	url       = {https://doi.org/10.1007/s10115-014-0794-3},
	doi       = {10.1007/s10115-014-0794-3},
	timestamp = {Thu, 15 Jun 2017 21:32:03 +0200},
	biburl    = {https://dblp.org/rec/bib/journals/kais/PratiBS15},
	bibsource = {dblp computer science bibliography, https://dblp.org}
}


@inproceedings{DBLP:conf/pkdd/SousaRB13,
  author    = {Celso Andr{\'{e}} R. de Sousa and
               Solange O. Rezende and
               Gustavo E. A. P. A. Batista},
  title     = {Influence of Graph Construction on Semi-supervised Learning},
  booktitle = {{ECML/PKDD} {(3)}},
  pages     = {160--175},
  year      = {2013}
}

@proceedings{DBLP:conf/pkdd/2013-3,
  editor    = {Hendrik Blockeel and
               Kristian Kersting and
               Siegfried Nijssen and
               Filip Zelezn{\'{y}}},
  title     = {Machine Learning and Knowledge Discovery in Databases - European Conference,
               {ECML} {PKDD} 2013, Prague, Czech Republic, September 23-27, 2013,
               Proceedings, Part {III}},
  series    = {Lecture Notes in Computer Science},
  volume    = {8190},
  publisher = {Springer},
  year      = {2013},
  url       = {https://doi.org/10.1007/978-3-642-40994-3},
  doi       = {10.1007/978-3-642-40994-3},
  isbn      = {978-3-642-40993-6},
  timestamp = {Tue, 14 May 2019 10:00:47 +0200},
  biburl    = {https://dblp.org/rec/bib/conf/pkdd/2013-3},
  bibsource = {dblp computer science bibliography, https://dblp.org}
}

@inproceedings{DBLP:conf/conll/OzakiSKM11,
  author    = {Kohei Ozaki and
               Masashi Shimbo and
               Mamoru Komachi and
               Yuji Matsumoto},
  title     = {Using the Mutual k-Nearest Neighbor Graphs for Semi-supervised Classification
               on Natural Language Data},
  booktitle = {CoNLL},
  pages     = {154--162},
  publisher = {{ACL}},
  year      = {2011}
}

@proceedings{DBLP:conf/conll/2011,
  editor    = {Sharon Goldwater and
               Christopher D. Manning},
  title     = {Proceedings of the Fifteenth Conference on Computational Natural Language
               Learning, CoNLL 2011, Portland, Oregon, USA, June 23-24, 2011},
  publisher = {{ACL}},
  year      = {2011},
  url       = {http://www.aclweb.org/anthology/K/K11/\#2011\_0},
  isbn      = {978-1-932432-92-3},
  timestamp = {Wed, 21 Jan 2015 17:15:22 +0100},
  biburl    = {https://dblp.org/rec/bib/conf/conll/2011},
  bibsource = {dblp computer science bibliography, https://dblp.org}
}

@inproceedings{DBLP:conf/nips/ZhouBLWS03,
  author    = {Dengyong Zhou and
               Olivier Bousquet and
               Thomas Navin Lal and
               Jason Weston and
               Bernhard Sch{\"{o}}lkopf},
  title     = {Learning with Local and Global Consistency},
  booktitle = {{NIPS}},
  pages     = {321--328},
  year      = {2003}
}

@proceedings{DBLP:conf/nips/2003,
  editor    = {Sebastian Thrun and
               Lawrence K. Saul and
               Bernhard Sch{\"{o}}lkopf},
  title     = {Advances in Neural Information Processing Systems 16 [Neural Information
               Processing Systems, {NIPS} 2003, December 8-13, 2003, Vancouver and
               Whistler, British Columbia, Canada]},
  publisher = {{MIT} Press},
  year      = {2004},
  url       = {http://papers.nips.cc/book/advances-in-neural-information-processing-systems-16-2003},
  isbn      = {0-262-20152-6},
  timestamp = {Thu, 11 Dec 2014 17:34:07 +0100},
  biburl    = {https://dblp.org/rec/bib/conf/nips/2003},
  bibsource = {dblp computer science bibliography, https://dblp.org}
}

@inproceedings{DBLP:conf/aistats/DelalleauBR05,
  author    = {Olivier Delalleau and
               Yoshua Bengio and
               Nicolas Le Roux},
  title     = {Efficient Non-Parametric Function Induction in Semi-Supervised Learning},
  booktitle = {Proceedings of the Tenth International Workshop on Artificial Intelligence
               and Statistics, {AISTATS} 2005, Bridgetown, Barbados, January 6-8,
               2005},
  year      = {2005},
  crossref  = {DBLP:conf/aistats/2005},
  url       = {http://www.gatsby.ucl.ac.uk/aistats/fullpapers/204.pdf},
  timestamp = {Wed, 06 May 2015 20:37:32 +0200},
  biburl    = {https://dblp.org/rec/bib/conf/aistats/DelalleauBR05},
  bibsource = {dblp computer science bibliography, https://dblp.org}
}

@proceedings{DBLP:conf/aistats/2005,
  editor    = {Robert G. Cowell and
               Zoubin Ghahramani},
  title     = {Proceedings of the Tenth International Workshop on Artificial Intelligence
               and Statistics, {AISTATS} 2005, Bridgetown, Barbados, January 6-8,
               2005},
  publisher = {Society for Artificial Intelligence and Statistics},
  year      = {2005},
  url       = {http://www.gatsby.ucl.ac.uk/aistats},
  timestamp = {Wed, 06 May 2015 20:30:46 +0200},
  biburl    = {https://dblp.org/rec/bib/conf/aistats/2005},
  bibsource = {dblp computer science bibliography, https://dblp.org}
} 


@inproceedings{DBLP:conf/cvpr/LiuC09,
  author    = {Wei Liu and
               Shih{-}Fu Chang},
  title     = {Robust multi-class transductive learning with graphs},
  booktitle = {{CVPR}},
  pages     = {381--388},
  year      = {2009}
}

@proceedings{DBLP:conf/cvpr/2009,
  title     = {2009 {IEEE} Computer Society Conference on Computer Vision and Pattern
               Recognition {(CVPR} 2009), 20-25 June 2009, Miami, Florida, {USA}},
  publisher = {{IEEE}},
  year      = {2009},
  isbn      = {978-1-4244-3992-8},
  timestamp = {Tue, 25 Nov 2014 17:05:17 +0100},
  biburl    = {https://dblp.org/rec/bib/conf/cvpr/2009},
  bibsource = {dblp computer science bibliography, https://dblp.org}
}

@inproceedings{DBLP:conf/sigmod/KornM00,
  author    = {Flip Korn and
               S. Muthukrishnan},
  title     = {Influence Sets Based on Reverse Nearest Neighbor Queries},
  booktitle = {Proceedings of the 2000 {ACM} {SIGMOD} International Conference on
               Management of Data, May 16-18, 2000, Dallas, Texas, {USA.}},
  pages     = {201--212},
  year      = {2000},
  crossref  = {DBLP:conf/sigmod/2000},
  url       = {https://doi.org/10.1145/342009.335415},
  doi       = {10.1145/342009.335415},
  timestamp = {Tue, 06 Nov 2018 11:07:39 +0100},
  biburl    = {https://dblp.org/rec/bib/conf/sigmod/KornM00},
  bibsource = {dblp computer science bibliography, https://dblp.org}
}

@proceedings{DBLP:conf/sigmod/2000,
  editor    = {Weidong Chen and
               Jeffrey F. Naughton and
               Philip A. Bernstein},
  title     = {Proceedings of the 2000 {ACM} {SIGMOD} International Conference on
               Management of Data, May 16-18, 2000, Dallas, Texas, {USA}},
  publisher = {{ACM}},
  year      = {2000},
  url       = {https://doi.org/10.1145/342009},
  doi       = {10.1145/342009},
  isbn      = {1-58113-217-4},
  timestamp = {Wed, 17 May 2017 14:24:28 +0200},
  biburl    = {https://dblp.org/rec/bib/conf/sigmod/2000},
  bibsource = {dblp computer science bibliography, https://dblp.org}
}

@inproceedings{DBLP:conf/dmkd/StanoiAA00,
  author    = {Ioana Stanoi and
               Divyakant Agrawal and
               Amr {El Abbadi}},
  title     = {Reverse Nearest Neighbor Queries for Dynamic Databases},
  booktitle = {2000 {ACM} {SIGMOD} Workshop on Research Issues in Data Mining and
               Knowledge Discovery, Dallas, Texas, USA, May 14, 2000},
  pages     = {44--53},
  year      = {2000},
  crossref  = {DBLP:conf/dmkd/2000},
  timestamp = {Wed, 08 Feb 2017 16:18:05 +0100},
  biburl    = {https://dblp.org/rec/bib/conf/dmkd/StanoiAA00},
  bibsource = {dblp computer science bibliography, https://dblp.org}
}

@proceedings{DBLP:conf/dmkd/2000,
  editor    = {Dimitrios Gunopulos and
               Rajeev Rastogi},
  title     = {2000 {ACM} {SIGMOD} Workshop on Research Issues in Data Mining and
               Knowledge Discovery, Dallas, Texas, USA, May 14, 2000},
  year      = {2000},
  timestamp = {Wed, 08 Feb 2017 16:15:23 +0100},
  biburl    = {https://dblp.org/rec/bib/conf/dmkd/2000},
  bibsource = {dblp computer science bibliography, https://dblp.org}
}



@misc{Dua:2019 ,
author = "Dua, Dheeru and Graff, Casey",
year = "2017",
title = "{UCI} Machine Learning Repository",
url = "http://archive.ics.uci.edu/ml",
institution = "University of California, Irvine, School of Information and Computer Sciences"}

@misc{gecode, 
	 author = "{Gecode Team}",
     title = "Gecode: Generic Constraint Development Environment",
     year = {2006},
     note = {Available from \texttt{http://www.gecode.org}}
}

@misc{gurobi,
  author = "Gurobi Optimization, LLC",
  title = "Gurobi Optimizer Reference Manual",
  year = 2019,
  url = "http://www.gurobi.com"
}


@inproceedings{DBLP:conf/icml/Azran07,
  author    = {Arik Azran},
  title     = {The rendezvous algorithm: multiclass semi-supervised learning with
               Markov random walks},
  booktitle = {Machine Learning, Proceedings of the Twenty-Fourth International Conference
               {(ICML} 2007), Corvallis, Oregon, USA, June 20-24, 2007},
  pages     = {49--56},
  year      = {2007},
  crossref  = {DBLP:conf/icml/2007},
  XXXurl       = {https://doi.org/10.1145/1273496.1273503},
  doi       = {10.1145/1273496.1273503},
  timestamp = {Tue, 06 Nov 2018 16:58:28 +0100},
  biburl    = {https://dblp.org/rec/bib/conf/icml/Azran07},
  bibsource = {dblp computer science bibliography, https://dblp.org}
}


@inproceedings{DBLP:conf/nips/SzummerJ01,
  author    = {Martin Szummer and
               Tommi S. Jaakkola},
  title     = {Partially labeled classification with Markov random walks},
  booktitle = {NIPS},
  pages     = {945--952},
  year      = {2001}
}


@inproceedings{DBLP:conf/kdd/EsterKSX96,
  author    = {Martin Ester and
               Hans{-}Peter Kriegel and
               J{\"{o}}rg Sander and
               Xiaowei Xu},
  title     = {A Density-Based Algorithm for Discovering Clusters in Large Spatial
               Databases with Noise},
  booktitle = {Proceedings of the Second International Conference on Knowledge Discovery
               and Data Mining (KDD-96), Portland, Oregon, {USA}},
  pages     = {226--231},
  year      = {1996},
  crossref  = {DBLP:conf/kdd/1996},
  XXXurl       = {http://www.aaai.org/Library/KDD/1996/kdd96-037.php},
  timestamp = {Sun, 05 Aug 2018 22:58:23 +0200},
  biburl    = {https://dblp.org/rec/bib/conf/kdd/EsterKSX96},
  bibsource = {dblp computer science bibliography, https://dblp.org}
}

@proceedings{DBLP:conf/kdd/1996,
  editor    = {Evangelos Simoudis and
               Jiawei Han and
               Usama M. Fayyad},
  title     = {Proceedings of the Second International Conference on Knowledge Discovery
               and Data Mining (KDD-96), Portland, Oregon, {USA}},
  publisher = {{AAAI} Press},
  year      = {1996},
  XXXurl       = {http://www.aaai.org/Library/KDD/kdd96contents.php},
  isbn      = {1-57735-004-9},
  timestamp = {Mon, 05 Jun 2017 13:20:21 +0200},
  biburl    = {https://dblp.org/rec/bib/conf/kdd/1996},
  bibsource = {dblp computer science bibliography, https://dblp.org}
}

@inproceedings{DBLP:conf/aaai/Charniak97,
  author    = {Eugene Charniak},
  title     = {Statistical Parsing with a Context-Free Grammar and Word Statistics},
  booktitle = {Proceedings of the Fourteenth National Conference on Artificial Intelligence
               and Ninth Innovative Applications of Artificial Intelligence Conference,
               {AAAI} 97, {IAAI} 97, July 27-31, 1997, Providence, Rhode Island,
               {USA.}},
  pages     = {598--603},
  year      = {1997},
  crossref  = {DBLP:conf/aaai/1997},
  XXXurl       = {http://www.aaai.org/Library/AAAI/1997/aaai97-093.php},
  timestamp = {Tue, 19 Jun 2018 18:22:13 +0200},
  biburl    = {https://dblp.org/rec/bib/conf/aaai/Charniak97},
  bibsource = {dblp computer science bibliography, https://dblp.org}
}

@proceedings{DBLP:conf/aaai/1997,
  editor    = {Benjamin Kuipers and
               Bonnie L. Webber},
  title     = {Proceedings of the Fourteenth National Conference on Artificial Intelligence
               and Ninth Innovative Applications of Artificial Intelligence Conference,
               {AAAI} 97, {IAAI} 97, July 27-31, 1997, Providence, Rhode Island,
               {USA}},
  publisher = {{AAAI} Press / The {MIT} Press},
  year      = {1997},
  XXXurl       = {http://www.aaai.org/Conferences/AAAI/aaai97.php},
  isbn      = {0-262-51095-2},
  timestamp = {Tue, 19 Jun 2018 18:22:13 +0200},
  biburl    = {https://dblp.org/rec/bib/conf/aaai/1997},
  bibsource = {dblp computer science bibliography, https://dblp.org}
}

@inproceedings{DBLP:conf/colt/BlumM98,
  author    = {Avrim Blum and
               Tom M. Mitchell},
  title     = {Combining Labeled and Unlabeled Data with Co-Training},
  booktitle = {{COLT}},
  pages     = {92--100},
  year      = {1998}
}

@proceedings{DBLP:conf/colt/1998,
  editor    = {Peter L. Bartlett and
               Yishay Mansour},
  title     = {Proceedings of the Eleventh Annual Conference on Computational Learning
               Theory, {COLT} 1998, Madison, Wisconsin, USA, July 24-26, 1998},
  publisher = {{ACM}},
  year      = {1998},
  XXXurl       = {http://dl.acm.org/citation.cfm?id=279943},
  isbn      = {1-58113-057-0},
  timestamp = {Mon, 12 Dec 2011 15:03:15 +0100},
  biburl    = {https://dblp.org/rec/bib/conf/colt/1998},
  bibsource = {dblp computer science bibliography, https://dblp.org}
} 

@article{DBLP:journals/kais/KriegelSZ17,
  author    = {Hans{-}Peter Kriegel and
               Erich Schubert and
               Arthur Zimek},
  title     = {The (black) art of runtime evaluation: Are we comparing algorithms
               or implementations?},
  journal   = {Knowl. Inf. Syst.},
  volume    = {52},
  number    = {2},
  pages     = {341--378},
  year      = {2017},
  XXXurl       = {https://doi.org/10.1007/s10115-016-1004-2},
  doi       = {10.1007/s10115-016-1004-2},
  timestamp = {Wed, 14 Nov 2018 10:42:07 +0100},
  biburl    = {https://dblp.org/rec/bib/journals/kais/KriegelSZ17},
  bibsource = {dblp computer science bibliography, https://dblp.org}
}

@inproceedings{DBLP:conf/colt/BelkinMN04,
  author    = {Mikhail Belkin and
               Irina Matveeva and
               Partha Niyogi},
  title     = {Regularization and Semi-supervised Learning on Large Graphs},
  booktitle = {Learning Theory, 17th Annual Conference on Learning Theory, {COLT}
               2004, Banff, Canada, July 1-4, 2004, Proceedings},
  pages     = {624--638},
  year      = {2004},
  crossref  = {DBLP:conf/colt/2004},
  XXXurl       = {https://doi.org/10.1007/978-3-540-27819-1\_43},
  doi       = {10.1007/978-3-540-27819-1\_43},
  timestamp = {Tue, 14 May 2019 10:00:53 +0200},
  biburl    = {https://dblp.org/rec/bib/conf/colt/BelkinMN04},
  bibsource = {dblp computer science bibliography, https://dblp.org}
}

@proceedings{DBLP:conf/colt/2004,
  editor    = {John Shawe{-}Taylor and
               Yoram Singer},
  title     = {Learning Theory, 17th Annual Conference on Learning Theory, {COLT}
               2004, Banff, Canada, July 1-4, 2004, Proceedings},
  series    = {Lecture Notes in Computer Science},
  volume    = {3120},
  publisher = {Springer},
  year      = {2004},
  XXXurl       = {https://doi.org/10.1007/b98522},
  doi       = {10.1007/b98522},
  isbn      = {3-540-22282-0},
  timestamp = {Tue, 14 May 2019 10:00:53 +0200},
  biburl    = {https://dblp.org/rec/bib/conf/colt/2004},
  bibsource = {dblp computer science bibliography, https://dblp.org}
}

@phdthesis{friedel2005abstaining,
  title={On abstaining classifiers},
  author={Friedel, Caroline C},
  year={2005},
  school={Master’s thesis, Ludwig-Maximilians-Universit{\"a}t, Technische Universit{\"a}t M{\"u}nchen}
}

@article{DBLP:journals/ml/Pietraszek07,
  author    = {Tadeusz Pietraszek},
  title     = {On the use of {ROC} analysis for the optimization of abstaining classifiers},
  journal   = {Mach. Learn.},
  volume    = {68},
  number    = {2},
  pages     = {137--169},
  year      = {2007}
}

@article{DBLP:journals/sadm/ZimekSK12,
  author    = {Arthur Zimek and
               Erich Schubert and
               Hans{-}Peter Kriegel},
  title     = {A survey on unsupervised outlier detection in high-dimensional numerical
               data},
  journal   = {Statistical Analysis and Data Mining},
  volume    = {5},
  number    = {5},
  pages     = {363--387},
  year      = {2012},
  XXXurl       = {https://doi.org/10.1002/sam.11161},
  doi       = {10.1002/sam.11161},
  timestamp = {Wed, 14 Nov 2018 10:12:53 +0100},
  biburl    = {https://dblp.org/rec/bib/journals/sadm/ZimekSK12},
  bibsource = {dblp computer science bibliography, https://dblp.org}
}

@article{DBLP:journals/tit/Scudder65a,
  author    = {H. J. {Scudder III}},
  title     = {Probability of error of some adaptive pattern-recognition machines},
  journal   = {{IEEE} Trans. Information Theory},
  volume    = {11},
  number    = {3},
  pages     = {363--371},
  year      = {1965}}
%  url       = {https://doi.org/10.1109/TIT.1965.1053799},
%  doi       = {10.1109/TIT.1965.1053799},
%  timestamp = {Sun, 28 May 2017 13:18:55 +0200},
%  biburl    = {https://dblp.org/rec/bib/journals/tit/Scudder65a},
% bibsource = {dblp computer science bibliography, https://dblp.org}


@inproceedings{neville2000iterative,
  title={Iterative classification in relational data},
  author={Neville, Jennifer and Jensen, David},
  booktitle={Proc. AAAI-2000 Workshop on Learning Statistical Models from Relational Data},
  pages={13--20},
  year={2000}
}

@article{DBLP:journals/aim/SenNBGGE08,
  author    = {Prithviraj Sen and
               Galileo Namata and
               Mustafa Bilgic and
               Lise Getoor and
               Brian Gallagher and
               Tina Eliassi{-}Rad},
  title     = {Collective Classification in Network Data},
  journal   = {{AI} Magazine},
  volume    = {29},
  number    = {3},
  pages     = {93--106},
  year      = {2008},
  XXXurl       = {http://www.aaai.org/ojs/index.php/aimagazine/article/view/2157},
  timestamp = {Thu, 29 Jun 2017 17:16:34 +0200},
  biburl    = {https://dblp.org/rec/bib/journals/aim/SenNBGGE08},
  bibsource = {dblp computer science bibliography, https://dblp.org}
}

@book{DBLP:books/crc/aggarwal2014,
  editor    = {Charu C. Aggarwal},
  title     = {Data Classification: Algorithms and Applications},
  publisher = {{CRC} Press},
  year      = {2014},
  XXXurl       = {http://www.crcnetbase.com/doi/book/10.1201/b17320},
  isbn      = {978-1-4665-8674-1},
  timestamp = {Sat, 31 Jan 2015 11:29:19 +0100},
  biburl    = {https://dblp.org/rec/bib/books/crc/aggarwal2014},
  bibsource = {dblp computer science bibliography, https://dblp.org}
}



@inproceedings{DBLP:conf/icml/LuG03,
  author    = {Qing Lu and
               Lise Getoor},
  title     = {Link-based Classification},
  booktitle = {{ICML}},
  pages     = {496--503},
  year      = {2003}
}

@inproceedings{DBLP:conf/aaai/KubicaMSY02,
  author    = {Jeremy Kubica and
               Andrew W. Moore and
               Jeff G. Schneider and
               Yiming Yang},
  title     = {Stochastic Link and Group Detection},
  booktitle = {Proceedings of the Eighteenth National Conference on Artificial Intelligence
               and Fourteenth Conference on Innovative Applications of Artificial
               Intelligence, July 28 - August 1, 2002, Edmonton, Alberta, Canada.},
  pages     = {798--806},
  year      = {2002},
  crossref  = {DBLP:conf/aaai/2002},
  url       = {http://www.aaai.org/Library/AAAI/2002/aaai02-120.php},
  timestamp = {Mon, 26 Feb 2018 07:08:45 +0100},
  biburl    = {https://dblp.org/rec/bib/conf/aaai/KubicaMSY02},
  bibsource = {dblp computer science bibliography, https://dblp.org}
}

@proceedings{DBLP:conf/aaai/2002,
  editor    = {Rina Dechter and
               Michael J. Kearns and
               Richard S. Sutton},
  title     = {Proceedings of the Eighteenth National Conference on Artificial Intelligence
               and Fourteenth Conference on Innovative Applications of Artificial
               Intelligence, July 28 - August 1, 2002, Edmonton, Alberta, Canada},
  publisher = {{AAAI} Press / The {MIT} Press},
  year      = {2002},
  url       = {http://www.aaai.org/Conferences/AAAI/aaai02.php},
  timestamp = {Mon, 26 Feb 2018 07:08:45 +0100},
  biburl    = {https://dblp.org/rec/bib/conf/aaai/2002},
  bibsource = {dblp computer science bibliography, https://dblp.org}
}

@inproceedings{DBLP:conf/sigmod/ChakrabartiDI98,
  author    = {Soumen Chakrabarti and
               Byron Dom and
               Piotr Indyk},
  title     = {Enhanced Hypertext Categorization Using Hyperlinks},
  booktitle = {{SIGMOD} 1998, Proceedings {ACM} {SIGMOD} International Conference
               on Management of Data, June 2-4, 1998, Seattle, Washington, {USA.}},
  pages     = {307--318},
  year      = {1998},
  crossref  = {DBLP:conf/sigmod/98},
  url       = {https://doi.org/10.1145/276304.276332},
  doi       = {10.1145/276304.276332},
  timestamp = {Tue, 06 Nov 2018 11:07:39 +0100},
  biburl    = {https://dblp.org/rec/bib/conf/sigmod/ChakrabartiDI98},
  bibsource = {dblp computer science bibliography, https://dblp.org}
}

@proceedings{DBLP:conf/sigmod/98,
  editor    = {Laura M. Haas and
               Ashutosh Tiwary},
  title     = {{SIGMOD} 1998, Proceedings {ACM} {SIGMOD} International Conference
               on Management of Data, June 2-4, 1998, Seattle, Washington, {USA}},
  publisher = {{ACM} Press},
  year      = {1998},
  isbn      = {0-89791-995-5},
  timestamp = {Wed, 29 Mar 2017 16:45:22 +0200},
  biburl    = {https://dblp.org/rec/bib/conf/sigmod/98},
  bibsource = {dblp computer science bibliography, https://dblp.org}
}

@article{DBLP:journals/jmlr/MacskassyP07,
  author    = {Sofus A. Macskassy and
               Foster J. Provost},
  title     = {Classification in Networked Data: {A} Toolkit and a Univariate Case
               Study},
  journal   = {J. Mach. Learn. Res.},
  volume    = {8},
  pages     = {935--983},
  year      = {2007}
}

@inproceedings{DBLP:conf/aaai/McDowellGA07,
  author    = {Luke K. McDowell and
               Kalyan Moy Gupta and
               David W. Aha},
  title     = {Cautious Inference in Collective Classification},
  booktitle = {Proceedings of the Twenty-Second {AAAI} Conference on Artificial Intelligence,
               July 22-26, 2007, Vancouver, British Columbia, Canada},
  pages     = {596--601},
  year      = {2007},
  crossref  = {DBLP:conf/aaai/2007},
  url       = {http://www.aaai.org/Library/AAAI/2007/aaai07-094.php},
  timestamp = {Fri, 14 Oct 2016 13:17:23 +0200},
  biburl    = {https://dblp.org/rec/bib/conf/aaai/McDowellGA07},
  bibsource = {dblp computer science bibliography, https://dblp.org}
}

@proceedings{DBLP:conf/aaai/2007,
  title     = {Proceedings of the Twenty-Second {AAAI} Conference on Artificial Intelligence,
               July 22-26, 2007, Vancouver, British Columbia, Canada},
  publisher = {{AAAI} Press},
  year      = {2007},
  isbn      = {978-1-57735-323-2},
  timestamp = {Wed, 05 Sep 2007 08:24:34 +0200},
  biburl    = {https://dblp.org/rec/bib/conf/aaai/2007},
  bibsource = {dblp computer science bibliography, https://dblp.org}
}

@techreport{macskassy2003simple,
  title={A simple relational classifier},
  author={Macskassy, Sofus A and Provost, Foster},
  year={2003},
  institution={New York Univ NY Stern School of Business}
}

@article{Campello20,
  author    = {Ricardo J. G. B. Campello and
               Peer Kr{\"{o}}ger and
               J{\"{o}}rg Sander and
               Arthur Zimek},
  title     = {Density-based clustering},
  journal   = {Wiley Interdiscip. Rev. Data Min. Knowl. Discov.},
  volume    = {10},
  number    = {2},
  year      = {2020},
  doi       = {10.1002/widm.1343}
}

@inproceedings{FaeGueKriKroetal10,
  AUTHOR     = {I. Färber and S. Günnemann and H.-P. Kriegel and P. Kröger and
    E. Müller and E. Schubert and T. Seidl and A. Zimek},
  TITLE      = {On Using Class-Labels in Evaluation of Clusterings},
  BOOKTITLE  = {{MultiClust:} 1st International Workshop on Discovering, Summarizing and Using Multiple Clusterings Held in Conjunction with KDD 2010, Washington, DC},
  YEAR       = {2010}
}


@article{DBLP:journals/jmlr/BelkinNS06,
  author    = {Mikhail Belkin and
               Partha Niyogi and
               Vikas Sindhwani},
  title     = {Manifold Regularization: {A} Geometric Framework for Learning from
               Labeled and Unlabeled Examples},
  journal   = {J. Mach. Learn. Res.},
  volume    = {7},
  pages     = {2399--2434},
  year      = {2006}}
  %url       = {http://jmlr.org/papers/v7/belkin06a.html},
  %timestamp = {Wed, 10 Jul 2019 15:28:31 +0200},
  %biburl    = {https://dblp.org/rec/bib/journals/jmlr/BelkinNS06},
  %bibsource = {dblp computer science bibliography, https://dblp.org}



@book{DBLP:books/daglib/0097035,
  author    = {Vladimir Vapnik},
  title     = {Statistical learning theory},
  publisher = {Wiley},
  year      = {1998}
}


@incollection{DBLP:books/mit/06/0001KLG06,
  author    = {Xiaojin Zhu and
               Jaz S. Kandola and
               John Lafferty and
               Zoubin Ghahramani},
  title     = {Graph Kernels by Spectral Transforms},
  booktitle = {Semi-Supervised Learning},
  pages     = {276--291},
  year      = {2006},
  crossref  = {DBLP:books/mit/06/CSZ2006}
}

@incollection{DBLP:books/mit/06/BalcanB06,
  author    = {Maria{-}Florina Balcan and
               Avrim Blum},
  title     = {An Augmented {PAC} Model for Semi-Supervised Learning},
  booktitle = {Semi-Supervised Learning},
  pages     = {396--419},
  year      = {2006},
  crossref  = {DBLP:books/mit/06/CSZ2006}
}

@incollection{DBLP:books/mit/06/BasuBBM06,
  author    = {Sugato Basu and
               Mikhail Bilenko and
               Arindam Banerjee and
               Raymond J. Mooney},
  title     = {Probabilistic Semi-Supervised Clustering with Constraints},
  booktitle = {Semi-Supervised Learning},
  pages     = {73--102},
  year      = {2006},
  crossref  = {DBLP:books/mit/06/CSZ2006}
}

@incollection{DBLP:books/mit/06/BengioDR06,
  author    = {Yoshua Bengio and
               Olivier Delalleau and
               Nicolas Le Roux},
  title     = {Label Propagation and Quadratic Criterion},
  booktitle = {Semi-Supervised Learning},
  pages     = {192--216},
  year      = {2006},
  crossref  = {DBLP:books/mit/06/CSZ2006}
}

@incollection{DBLP:books/mit/06/BieC06,
  author    = {Tijl De Bie and
               Nello Cristianini},
  title     = {Semi-Supervised Learning Using Semi-Definite Programming},
  booktitle = {Semi-Supervised Learning},
  pages     = {118--135},
  year      = {2006},
  crossref  = {DBLP:books/mit/06/CSZ2006}
}

@incollection{DBLP:books/mit/06/BurgesP06,
  author    = {Christopher J. C. Burges and
               John C. Platt},
  title     = {Semi-Supervised Learning with Conditional Harmonic Mixing},
  booktitle = {Semi-Supervised Learning},
  pages     = {250--273},
  year      = {2006},
  crossref  = {DBLP:books/mit/06/CSZ2006}
}

@incollection{DBLP:books/mit/06/ChapelleSZ06,
  author    = {Olivier Chapelle and
               Bernhard Sch{\"{o}}lkopf and
               Alexander Zien},
  title     = {Introduction to Semi-Supervised Learning},
  booktitle = {Semi-Supervised Learning},
  pages     = {1--12},
  year      = {2006},
  crossref  = {DBLP:books/mit/06/CSZ2006}
}

@incollection{DBLP:books/mit/06/ChapelleSZ06a,
  author    = {Olivier Chapelle and
               Bernhard Sch{\"{o}}lkopf and
               Alexander Zien},
  title     = {Analysis of Benchmarks},
  booktitle = {Semi-Supervised Learning},
  pages     = {376--393},
  year      = {2006},
  crossref  = {DBLP:books/mit/06/CSZ2006}
}

@incollection{DBLP:books/mit/06/ChapelleSZ06b,
  author    = {Olivier Chapelle and
               Bernhard Sch{\"{o}}lkopf and
               Alexander Zien},
  title     = {A Discussion of Semi-Supervised Learning and Transduction},
  booktitle = {Semi-Supervised Learning},
  pages     = {473--478},
  year      = {2006},
  crossref  = {DBLP:books/mit/06/CSZ2006}
}

@incollection{DBLP:books/mit/06/CorduneanuJ06,
  author    = {Adrian Corduneanu and
               Tommi S. Jaakkola},
  title     = {Data-Dependent Regularization},
  booktitle = {Semi-Supervised Learning},
  pages     = {169--190},
  year      = {2006},
  crossref  = {DBLP:books/mit/06/CSZ2006}
}

@incollection{DBLP:books/mit/06/CozmanC06,
  author    = {F{\'{a}}bio Gagliardi Cozman and
               Ira Cohen},
  title     = {Risks of Semi-Supervised Learning: How Unlabeled Data Can Degrade
               Performance of Generative Classifiers},
  booktitle = {Semi-Supervised Learning},
  pages     = {56--72},
  year      = {2006},
  crossref  = {DBLP:books/mit/06/CSZ2006}
}

@incollection{DBLP:books/mit/06/DelalleauBR06,
  author    = {Olivier Delalleau and
               Yoshua Bengio and
               Nicolas Le Roux},
  title     = {Large-Scale Algorithms},
  booktitle = {Semi-Supervised Learning},
  pages     = {332--341},
  year      = {2006},
  crossref  = {DBLP:books/mit/06/CSZ2006}
}

@incollection{DBLP:books/mit/06/GrandvaletB06,
  author    = {Yves Grandvalet and
               Yoshua Bengio},
  title     = {Entropy Regularization},
  booktitle = {Semi-Supervised Learning},
  pages     = {151--168},
  year      = {2006},
  crossref  = {DBLP:books/mit/06/CSZ2006}
}

@incollection{DBLP:books/mit/06/Joachims06,
  author    = {Thorsten Joachims},
  title     = {Transductive Support Vector Machines},
  booktitle = {Semi-Supervised Learning},
  pages     = {104--117},
  year      = {2006},
  crossref  = {DBLP:books/mit/06/CSZ2006}
}

@incollection{DBLP:books/mit/06/LawrenceJ06,
  author    = {Neil D. Lawrence and
               Michael I. Jordan},
  title     = {Gaussian Processes and the Null-Category Noise Model},
  booktitle = {Semi-Supervised Learning},
  pages     = {136--150},
  year      = {2006},
  crossref  = {DBLP:books/mit/06/CSZ2006}
}

@incollection{DBLP:books/mit/06/NigamMM06,
  author    = {Kamal Nigam and
               Andrew McCallum and
               Tom M. Mitchell},
  title     = {Semi-Supervised Text Classification Using {EM}},
  booktitle = {Semi-Supervised Learning},
  pages     = {32--55},
  year      = {2006},
  crossref  = {DBLP:books/mit/06/CSZ2006}
}

@incollection{DBLP:books/mit/06/Orlitsky06,
  author    = {Alon Orlitsky},
  title     = {Modifying Distances},
  booktitle = {Semi-Supervised Learning},
  pages     = {309--330},
  year      = {2006},
  crossref  = {DBLP:books/mit/06/CSZ2006}
}

@incollection{DBLP:books/mit/06/SaulWSHL06,
  author    = {Lawrence K. Saul and
               Kilian Q. Weinberger and
               Fei Sha and
               Jihun Ham and
               Daniel D. Lee},
  title     = {Spectral Methods for Dimensionality Reduction},
  booktitle = {Semi-Supervised Learning},
  pages     = {292--308},
  year      = {2006},
  crossref  = {DBLP:books/mit/06/CSZ2006}
}

@incollection{DBLP:books/mit/06/SchuurmansSWG06,
  author    = {Dale Schuurmans and
               Finnegan Southey and
               Dana F. Wilkinson and
               Yuhong Guo},
  title     = {Metric-Based Approaches for Semi-Supervised Regression and Classification},
  booktitle = {Semi-Supervised Learning},
  pages     = {420--451},
  year      = {2006},
  crossref  = {DBLP:books/mit/06/CSZ2006}
}

@incollection{DBLP:books/mit/06/Seeger06,
  author    = {Matthias W. Seeger},
  title     = {A Taxonomy for Semi-Supervised Learning Methods},
  booktitle = {Semi-Supervised Learning},
  pages     = {14--31},
  year      = {2006},
  crossref  = {DBLP:books/mit/06/CSZ2006}
}

@incollection{DBLP:books/mit/06/ShinT06,
  author    = {Hyunjung Shin and
               Koji Tsuda},
  title     = {Prediction of Protein Function from Networks},
  booktitle = {Semi-Supervised Learning},
  pages     = {361--375},
  year      = {2006},
  crossref  = {DBLP:books/mit/06/CSZ2006}
}

@incollection{DBLP:books/mit/06/SindhwaniBN06,
  author    = {Vikas Sindhwani and
               Misha Belkin and
               Partha Niyogi},
  title     = {The Geometric Basis of Semi-Supervised Learning},
  booktitle = {Semi-Supervised Learning},
  pages     = {217--235},
  year      = {2006},
  crossref  = {DBLP:books/mit/06/CSZ2006}
}

@incollection{DBLP:books/mit/06/Vapnik06,
  author    = {Vladimir Vapnik},
  title     = {Transductive Inference and Semi-Supervised Learning},
  booktitle = {Semi-Supervised Learning},
  pages     = {452--472},
  year      = {2006},
  crossref  = {DBLP:books/mit/06/CSZ2006}
}

@incollection{DBLP:books/mit/06/WestonLIN06,
  author    = {Jason Weston and
               Christina S. Leslie and
               Eugene Ie and
               William Stafford Noble},
  title     = {Semi-Supervised Protein Classification Using Cluster Kernels},
  booktitle = {Semi-Supervised Learning},
  pages     = {342--360},
  year      = {2006},
  crossref  = {DBLP:books/mit/06/CSZ2006}
}

@incollection{DBLP:books/mit/06/ZhouS06,
  author    = {Dengyong Zhou and
               Bernhard Sch{\"{o}}lkopf},
  title     = {Discrete Regularization},
  booktitle = {Semi-Supervised Learning},
  pages     = {236--249},
  year      = {2006},
  crossref  = {DBLP:books/mit/06/CSZ2006}
}

@book{DBLP:books/mit/06/CSZ2006,
  editor    = {Olivier Chapelle and
               Bernhard Sch{\"{o}}lkopf and
               Alexander Zien},
  title     = {Semi-Supervised Learning},
  publisher = {The {MIT} Press},
  year      = {2006}
}

@inproceedings{DBLP:conf/icml/ZhuGL03,
  author    = {Xiaojin Zhu and
               Zoubin Ghahramani and
               John D. Lafferty},
  title     = {Semi-Supervised Learning Using {Gaussian} Fields and Harmonic Functions},
  booktitle = {{ICML}},
  pages     = {912--919},
  year      = {2003}
}

@inproceedings{DBLP:conf/sisap/KirnerSZ17,
  author    = {Evelyn Kirner and
               Erich Schubert and
               Arthur Zimek},
  title     = {Good and Bad Neighborhood Approximations for Outlier Detection Ensembles},
  booktitle = {{SISAP}},
  pages     = {173--187},
  year      = {2017}
}

@article{DBLP:journals/ml/MunozVBS18,
  author    = {Mario A. Mu{\~{n}}oz and
               Laura Villanova and
               Davaatseren Baatar and
               Kate Smith{-}Miles},
  title     = {Instance spaces for machine learning classification},
  journal   = {Mach. Learn.},
  volume    = {107},
  number    = {1},
  pages     = {109--147},
  year      = {2018}
}

@book{DBLP:books/lib/DudaHS01,
  author    = {Richard O. Duda and
               Peter E. Hart and
               David G. Stork},
  title     = {Pattern classification},
  edition   = {2nd},
  publisher = {Wiley},
  year      = {2001}
}

@article{DBLP:journals/apin/MurpheyGF04,
  author    = {Yi Lu Murphey and
               Hong Guo and
               Lee A. Feldkamp},
  title     = {Neural Learning from Unbalanced Data},
  journal   = {Appl. Intell.},
  volume    = {21},
  number    = {2},
  pages     = {117--128},
  year      = {2004}
}

@article{DBLP:journals/prl/ZhuGX20,
  author    = {Rui Zhu and
               Yiwen Guo and
               Jing{-}Hao Xue},
  title     = {Adjusting the imbalance ratio by the dimensionality of imbalanced data},
  journal   = {Pattern Recognit. Lett.},
  volume    = {133},
  pages     = {217--223},
  year      = {2020},
  url       = {https://doi.org/10.1016/j.patrec.2020.03.004},
  doi       = {10.1016/j.patrec.2020.03.004},
  timestamp = {Mon, 15 Jun 2020 16:59:12 +0200},
  biburl    = {https://dblp.org/rec/journals/prl/ZhuGX20.bib},
  bibsource = {dblp computer science bibliography, https://dblp.org}
}

@article{DBLP:journals/prl/ZhuWMWX18,
  author    = {Rui Zhu and
               Ziyu Wang and
               Zhanyu Ma and
               Guijin Wang and
               Jing{-}Hao Xue},
  title     = {{LRID:} {A} new metric of multi-class imbalance degree based on likelihood-ratio
               test},
  journal   = {Pattern Recognit. Lett.},
  volume    = {116},
  pages     = {36--42},
  year      = {2018}
}
############################################################
# The recommendations from Paula. 
@inproceedings{raj2016towards,
  title={Towards effective classification of imbalanced data with convolutional neural networks},
  author={Raj, Vidwath and Magg, Sven and Wermter, Stefan},
  booktitle={IAPR Workshop on Artificial Neural Networks in Pattern Recognition},
  pages={150--162},
  year={2016},
  organization={Springer}
}


Besides this, the two works below have an interesting set of measures that we also used in the metalearning paper.
@inproceedings{van2007measures,
  title={Measures for the characterisation of pattern-recognition data sets},
  author={Van der Walt, Christiaan M and Barnard, Etienne},
  year={2007},
  organization={18th Annual Symposium of the Pattern Recognition Association of South Africa~…}
}

@phdthesis{van2008data,
  title={Data measures that characterise classification problems},
  author={Van der Walt, Christiaan Maarten and others},
  year={2008},
  school={University of Pretoria}
}

The other metrics we used in the metalearning paper are from the Barella paper that you already have.

@article{DBLP:journals/isci/BarellaGSLC21,
  author    = {Victor H. Barella and
               Lu{\'{\i}}s Paulo F. Garcia and
               Marcilio C. P. de Souto and
               Ana Carolina Lorena and
               Andr{\'{e}} C. P. L. F. de Carvalho},
  title     = {Assessing the data complexity of imbalanced datasets},
  journal   = {Inf. Sci.},
  volume    = {553},
  pages     = {83--109},
  year      = {2021}
}

The following papers can also be of interest:

@article{cano2013analysis,
  title={Analysis of data complexity measures for classification},
  author={Cano, Jos{\'e}-Ram{\'o}n},
  journal={Expert systems with applications},
  volume={40},
  number={12},
  pages={4820--4831},
  year={2013},
  publisher={Elsevier}
}


@article{luengo2011addressing,
  title={Addressing data complexity for imbalanced data sets: analysis of SMOTE-based oversampling and evolutionary undersampling},
  author={Luengo, Juli{\'a}n and Fern{\'a}ndez, Alberto and Garc{\'\i}a, Salvador and Herrera, Francisco},
  journal={Soft Computing},
  volume={15},
  number={10},
  pages={1909--1936},
  year={2011},
  publisher={Springer}
}


@article{dudjak2021empirical,
  title={An empirical study of data intrinsic characteristics that make learning from imbalanced data difficult},
  author={Dudjak, Mario and Martinovi{\'c}, Goran},
  journal={Expert Systems with Applications},
  pages={115297},
  year={2021},
  publisher={Elsevier}
}

@article{lopez2013insight,
  title={An insight into classification with imbalanced data: Empirical results and current trends on using data intrinsic characteristics},
  author={L{\'o}pez, Victoria and Fern{\'a}ndez, Alberto and Garc{\'\i}a, Salvador and Palade, Vasile and Herrera, Francisco},
  journal={Information sciences},
  volume={250},
  pages={113--141},
  year={2013},
  publisher={Elsevier}
}


@article{Saez:2016,
  author    = {Jos{\'{e}} A. S{\'{a}}ez and
               Bartosz Krawczyk and
               Michal Wozniak},
  title     = {Analyzing the oversampling of different classes and types of examples in multi-class imbalanced datasets},
  journal   = {Pattern Recognition},
  volume    = {57},
  pages     = {164--178},
  year      = {2016}
}

@article{Sleeman:2021,
  author    = {William C. Sleeman and
               Bartosz Krawczyk},
  title     = {Multi-class imbalanced big data classification on Spark},
  journal   = {Knowledge-Based Systems},
  volume    = {212},
  pages     = {106598},
  year      = {2021},
  url       = {https://doi.org/10.1016/j.knosys.2020.106598},
  doi       = {10.1016/j.knosys.2020.106598},
  timestamp = {Thu, 16 Sep 2021 18:01:33 +0200},
  biburl    = {https://dblp.org/rec/journals/kbs/SleemanK21.bib},
  bibsource = {dblp computer science bibliography, https://dblp.org}
}

And the recent paper below, that you already know.

@article{santos2022joint,
  title={On the joint-effect of class imbalance and overlap: a critical review},
  author={Santos, Miriam Seoane and Abreu, Pedro Henriques and Japkowicz, Nathalie and Fern{\'a}ndez, Alberto and Soares, Carlos and Wilk, Szymon and Santos, Jo{\~a}o},
  journal={Artificial Intelligence Review},
  pages={1--69},
  year={2022},
  publisher={Springer}
}

@article{DBLP:journals/csur/LorenaGLSH19,
  author    = {Ana Carolina Lorena and
               Lu{\'{\i}}s Paulo F. Garcia and
               Jens Lehmann and
               Marc{\'{\i}}lio Carlos Pereira de Souto and
               Tin Kam Ho},
  title     = {How Complex Is Your Classification Problem?: {A} Survey on Measuring Classification Complexity},
  journal   = {{ACM} Comput. Surv.},
  volume    = {52},
  number    = {5},
  pages     = {107:1--107:34},
  year      = {2019}
}

@article{DBLP:journals/ijon/LorenaCSS12,
  author    = {Ana Carolina Lorena and
               Ivan G. Costa and
               Newton Spola{\^{o}}r and
               Marc{\'{\i}}lio Carlos Pereira de Souto},
  title     = {Analysis of complexity indices for classification problems: Cancer
               gene expression data},
  journal   = {Neurocomputing},
  volume    = {75},
  number    = {1},
  pages     = {33--42},
  year      = {2012}
}

@article{DBLP:journals/prl/Ortigosa-Hernandez17,
  author    = {Jonathan Ortigosa{-}Hern{\'{a}}ndez and
               I{\~{n}}aki Inza and
               Jos{\'{e}} Antonio Lozano},
  title     = {Measuring the class-imbalance extent of multi-class problems},
  journal   = {Pattern Recognit. Lett.},
  volume    = {98},
  pages     = {32--38},
  year      = {2017}
}

@article{DBLP:journals/sadm/AnwarJG14,
  author    = {Nafees Anwar and
               Geoff Jones and
               Siva Ganesh},
  title     = {Measurement of data complexity for classification problems with unbalanced
               data},
  journal   = {Stat. Anal. Data Min.},
  volume    = {7},
  number    = {3},
  pages     = {194--211},
  year      = {2014}
}

@inproceedings{DBLP:conf/ida/MercierSASSS18,
  author    = {Marta Mercier and
               Miriam Seoane Santos and
               Pedro H. Abreu and
               Carlos Soares and
               Jastin Pompeu Soares and
               Jo{\~{a}}o A. M. Santos},
  title     = {Analysing the Footprint of Classifiers in Overlapped and Imbalanced
               Contexts},
  booktitle = {{IDA}},
  series    = {Lecture Notes in Computer Science},
  volume    = {11191},
  pages     = {200--212},
  publisher = {Springer},
  year      = {2018}
}

@misc{DSPipe,
  author = {Goettcke, Jonatan M. N.},
  title = {{DS-Pipe}},
  year = {2022},
  url = {https://git.imada.sdu.dk/goettcke/DS_Pipe},
  urldate = {2022-09-01},
  howpublished = {\textit{Available at \url{https://git.imada.sdu.dk/goettcke/DS_Pipe}}}
}